@article{sarmiento2020aplicaciones,
  title={Aplicaciones de las redes neuronales y el deep learning a la ingenier{\'\i}a biom{\'e}dica},
  author={Sarmiento-Ramos, Jos{\'e} Luis},
  journal={Revista UIS Ingenier{\'\i}as},
  volume={19},
  number={4},
  pages={1--18},
  year={2020},
  publisher={Universidad Industrial de Santander}
}
@article{zhang2019deep,
  title={Deep learning in omics: a survey and guideline},
  author={Zhang, Zhiqiang and Zhao, Yi and Liao, Xiangke and Shi, Wenqiang and Li, Kenli and Zou, Quan and Peng, Shaoliang},
  journal={Briefings in functional genomics},
  volume={18},
  number={1},
  pages={41--57},
  year={2019},
  publisher={Oxford University Press}
}
@article{hasin2017multi,
  title={Multi-omics approaches to disease},
  author={Hasin, Yehudit and Seldin, Marcus and Lusis, Aldons},
  journal={Genome biology},
  volume={18},
  pages={1--15},
  year={2017},
  publisher={Springer}
}
@article{quang2019factornet,
  title={FactorNet: a deep learning framework for predicting cell type specific transcription factor binding from nucleotide-resolution sequential data},
  author={Quang, Daniel and Xie, Xiaohui},
  journal={Methods},
  volume={166},
  pages={40--47},
  year={2019},
  publisher={Elsevier}
}
@article{umarov2017recognition,
  title={Recognition of prokaryotic and eukaryotic promoters using convolutional deep learning neural networks},
  author={Umarov, Ramzan Kh and Solovyev, Victor V},
  journal={PloS one},
  volume={12},
  number={2},
  pages={e0171410},
  year={2017},
  publisher={Public Library of Science San Francisco, CA USA}
}
@article{zeng2016convolutional,
  title={Convolutional neural network architectures for predicting DNA--protein binding},
  author={Zeng, Haoyang and Edwards, Matthew D and Liu, Ge and Gifford, David K},
  journal={Bioinformatics},
  volume={32},
  number={12},
  pages={i121--i127},
  year={2016},
  publisher={Oxford University Press}
}
@article{zhang2017titer,
  title={TITER: predicting translation initiation sites by deep learning},
  author={Zhang, Sai and Hu, Hailin and Jiang, Tao and Zhang, Lei and Zeng, Jianyang},
  journal={Bioinformatics},
  volume={33},
  number={14},
  pages={i234--i242},
  year={2017},
  publisher={Oxford University Press}
}
@article{min2017predicting,
  title={Predicting enhancers with deep convolutional neural networks},
  author={Min, Xu and Zeng, Wanwen and Chen, Shengquan and Chen, Ning and Chen, Ting and Jiang, Rui},
  journal={BMC bioinformatics},
  volume={18},
  pages={35--46},
  year={2017},
  publisher={Springer}
}
@article{singh2019predicting,
  title={Predicting enhancer-promoter interaction from genomic sequence with deep neural networks},
  author={Singh, Shashank and Yang, Yang and P{\'o}czos, Barnab{\'a}s and Ma, Jian},
  journal={Quantitative Biology},
  volume={7},
  number={2},
  pages={122--137},
  year={2019},
  publisher={Wiley Online Library}
}
@article{lee2015dna,
  title={DNA-level splice junction prediction using deep recurrent neural networks},
  author={Lee, Byunghan and Lee, Taehoon and Na, Byunggook and Yoon, Sungroh},
  journal={arXiv preprint arXiv:1512.05135},
  year={2015}
}
@article{quang2016danq,
  title={DanQ: a hybrid convolutional and recurrent deep neural network for quantifying the function of DNA sequences},
  author={Quang, Daniel and Xie, Xiaohui},
  journal={Nucleic acids research},
  volume={44},
  number={11},
  pages={e107--e107},
  year={2016},
  publisher={Oxford University Press}
}
@article{raza2016recurrent,
  title={Recurrent neural network based hybrid model for reconstructing gene regulatory network},
  author={Raza, Khalid and Alam, Mansaf},
  journal={Computational biology and chemistry},
  volume={64},
  pages={322--334},
  year={2016},
  publisher={Elsevier}
}
@article{zhou2015predicting,
  title={Predicting effects of noncoding variants with deep learning--based sequence model},
  author={Zhou, Jian and Troyanskaya, Olga G},
  journal={Nature methods},
  volume={12},
  number={10},
  pages={931--934},
  year={2015},
  publisher={Nature Publishing Group US New York}
}
@article{koh2017denoising,
  title={Denoising genome-wide histone ChIP-seq with convolutional neural networks},
  author={Koh, Pang Wei and Pierson, Emma and Kundaje, Anshul},
  journal={Bioinformatics},
  volume={33},
  number={14},
  pages={i225--i233},
  year={2017},
  publisher={Oxford University Press}
}
@article{liang2014integrative,
  title={Integrative data analysis of multi-platform cancer data with a multimodal deep learning approach},
  author={Liang, Muxuan and Li, Zhizhong and Chen, Ting and Zeng, Jianyang},
  journal={IEEE/ACM transactions on computational biology and bioinformatics},
  volume={12},
  number={4},
  pages={928--937},
  year={2014},
  publisher={IEEE}
}
@article{yousefi2017predicting,
  title={Predicting clinical outcomes from large scale cancer genomic profiles with deep survival models},
  author={Yousefi, Safoora and Amrollahi, Fatemeh and Amgad, Mohamed and Dong, Chengliang and Lewis, Joshua E and Song, Congzheng and Gutman, David A and Halani, Sameer H and Velazquez Vega, Jose Enrique and Brat, Daniel J and others},
  journal={Scientific reports},
  volume={7},
  number={1},
  pages={1--11},
  year={2017},
  publisher={Nature Publishing Group}
}
@article{young2017unsupervised,
  title={Unsupervised deep learning reveals prognostically relevant subtypes of glioblastoma},
  author={Young, Jonathan D and Cai, Chunhui and Lu, Xinghua},
  journal={BMC bioinformatics},
  volume={18},
  pages={5--17},
  year={2017},
  publisher={Springer}
}
@article{xu2017deep,
  title={Deep learning of the splicing (epi) genetic code reveals a novel candidate mechanism linking histone modifications to ESC fate decision},
  author={Xu, Yungang and Wang, Yongcui and Luo, Jiesi and Zhao, Weiling and Zhou, Xiaobo},
  journal={Nucleic acids research},
  volume={45},
  number={21},
  pages={12100--12112},
  year={2017},
  publisher={Oxford University Press}
}
@article{pan2017rna,
  title={RNA-protein binding motifs mining with a new hybrid deep learning based cross-domain knowledge integration approach},
  author={Pan, Xiaoyong and Shen, Hong-Bin},
  journal={BMC bioinformatics},
  volume={18},
  pages={1--14},
  year={2017},
  publisher={Springer}
}
@article{chaudhary2018deep,
  title={Deep learning--based multi-omics integration robustly predicts survival in liver cancer},
  author={Chaudhary, Kumardeep and Poirion, Olivier B and Lu, Liangqun and Garmire, Lana X},
  journal={Clinical Cancer Research},
  volume={24},
  number={6},
  pages={1248--1259},
  year={2018},
  publisher={AACR}
}
@article{yu2018drug,
  title={Drug and nondrug classification based on deep learning with various feature selection strategies},
  author={Yu, Long and Sun, Xia and Tian, Shengwei and Shi, Xinyu and Yan, Yilin},
  journal={Current Bioinformatics},
  volume={13},
  number={3},
  pages={253--259},
  year={2018},
  publisher={Bentham Science Publishers}
}
@article{aliper2016deep,
  title={Deep learning applications for predicting pharmacological properties of drugs and drug repurposing using transcriptomic data},
  author={Aliper, Alexander and Plis, Sergey and Artemov, Artem and Ulloa, Alvaro and Mamoshina, Polina and Zhavoronkov, Alex},
  journal={Molecular pharmaceutics},
  volume={13},
  number={7},
  pages={2524--2530},
  year={2016},
  publisher={ACS Publications}
}
@article{bhat2016deepcancer,
  title={DeepCancer: Detecting cancer through gene expressions via deep generative learning},
  author={Bhat, Rajendra Rana and Viswanath, Vivek and Li, Xiaolin},
  journal={arXiv preprint arXiv:1612.03211},
  year={2016}
}
@article{zhang2017sequence,
  title={Sequence-specific bias correction for RNA-seq data using recurrent neural networks},
  author={Zhang, Yao-zhong and Yamaguchi, Rui and Imoto, Seiya and Miyano, Satoru},
  journal={BMC genomics},
  volume={18},
  pages={1--6},
  year={2017},
  publisher={Springer}
}
@article{stahl2017epsilon,
  title={EPSILON-CP: using deep learning to combine information from multiple sources for protein contact prediction},
  author={Stahl, Kolja and Schneider, Michael and Brock, Oliver},
  journal={BMC bioinformatics},
  volume={18},
  pages={1--11},
  year={2017},
  publisher={Springer}
}
@article{li2017deep,
  title={Deep learning methods for protein torsion angle prediction},
  author={Li, Haiou and Hou, Jie and Adhikari, Badri and Lyu, Qiang and Cheng, Jianlin},
  journal={BMC bioinformatics},
  volume={18},
  pages={1--13},
  year={2017},
  publisher={Springer}
}
@article{spencer2014deep,
  title={A deep learning network approach to ab initio protein secondary structure prediction},
  author={Spencer, Matt and Eickholt, Jesse and Cheng, Jianlin},
  journal={IEEE/ACM transactions on computational biology and bioinformatics},
  volume={12},
  number={1},
  pages={103--112},
  year={2014},
  publisher={IEEE}
}
@article{heffernan2015improving,
  title={Improving prediction of secondary structure, local backbone angles and solvent accessible surface area of proteins by iterative deep learning},
  author={Heffernan, Rhys and Paliwal, Kuldip and Lyons, James and Dehzangi, Abdollah and Sharma, Alok and Wang, Jihua and Sattar, Abdul and Yang, Yuedong and Zhou, Yaoqi},
  journal={Scientific reports},
  volume={5},
  number={1},
  pages={11476},
  year={2015},
  publisher={Nature Publishing Group UK London}
}
@article{kulmanov2018deepgo,
  title={DeepGO: predicting protein functions from sequence and interactions using a deep ontology-aware classifier},
  author={Kulmanov, Maxat and Khan, Mohammed Asif and Hoehndorf, Robert},
  journal={Bioinformatics},
  volume={34},
  number={4},
  pages={660--668},
  year={2018},
  publisher={Oxford University Press}
}
@article{wang2017musitedeep,
  title={MusiteDeep: a deep-learning framework for general and kinase-specific phosphorylation site prediction},
  author={Wang, Duolin and Zeng, Shuai and Xu, Chunhui and Qiu, Wangren and Liang, Yanchun and Joshi, Trupti and Xu, Dong},
  journal={Bioinformatics},
  volume={33},
  number={24},
  pages={3909--3916},
  year={2017},
  publisher={Oxford University Press}
}
@article{reel2021using,
  title={Using machine learning approaches for multi-omics data analysis: A review},
  author={Reel, Parminder S and Reel, Smarti and Pearson, Ewan and Trucco, Emanuele and Jefferson, Emily},
  journal={Biotechnology advances},
  volume={49},
  pages={107739},
  year={2021},
  publisher={Elsevier}
}
@article{strimbu2010biomarkers,
  title={What are biomarkers?},
  author={Strimbu, Kyle and Tavel, Jorge A},
  journal={Current Opinion in HIV and AIDS},
  volume={5},
  number={6},
  pages={463--466},
  year={2010},
  publisher={LWW}
}
@article{carlomagno2017diagnostic,
  title={Diagnostic, predictive, prognostic, and therapeutic molecular biomarkers in third millennium: a breakthrough in gastric cancer},
  author={Carlomagno, Nicola and Incollingo, Paola and Tammaro, Vincenzo and Peluso, Gaia and Rupealta, Niccol{\`o} and Chiacchio, Gaetano and Sandoval Sotelo, Maria Laura and Minieri, Gianluca and Pisani, Antonio and Riccio, Eleonora and others},
  journal={BioMed research international},
  volume={2017},
  year={2017},
  publisher={Hindawi}
}
@article{li2024avbae,
  title={AVBAE-MODFR: A novel deep learning framework of embedding and feature selection on multi-omics data for pan-cancer classification},
  author={Li, Minghe and Guo, Huike and Wang, Keao and Kang, Chuanze and Yin, Yanbin and Zhang, Han},
  journal={Computers in Biology and Medicine},
  pages={108614},
  year={2024},
  publisher={Elsevier}
}
@article{ravi2016deep,
  title={Deep learning for health informatics},
  author={Rav{\`\i}, Daniele and Wong, Charence and Deligianni, Fani and Berthelot, Melissa and Andreu-Perez, Javier and Lo, Benny and Yang, Guang-Zhong},
  journal={IEEE journal of biomedical and health informatics},
  volume={21},
  number={1},
  pages={4--21},
  year={2016},
  publisher={IEEE}
}
@article{mamoshina2016applications,
  title={Applications of deep learning in biomedicine},
  author={Mamoshina, Polina and Vieira, Armando and Putin, Evgeny and Zhavoronkov, Alex},
  journal={Molecular pharmaceutics},
  volume={13},
  number={5},
  pages={1445--1454},
  year={2016},
  publisher={ACS Publications}
}
@misc{institute,
    title = {{Fundación Instituto Roche}},
    url ={https://www.institutoroche.es/recursos/glosario/},
    author = {Javier, Ben{\`\i}tez and Anna, Gonzalez and Núria, Malats},
    year = {2019},
    note = {Accessed Mayo 15, 2024}
}
@article{davis2017missing,
  title={The Missing-Omes: Proposing Social and Environmental Nomenclature in Precision Medicine},
  author={Davis, MM and Shanley, TP},
  journal={Clinical and translational science},
  volume={10},
  number={2},
  pages={64},
  year={2017},
  publisher={Wiley-Blackwell}
}

@article{van2018precision,
  title={Precision medicine: role of proteomics in changing clinical management and care},
  author={Van Eyk, Jennifer E and Snyder, Michael P},
  journal={Journal of proteome research},
  volume={18},
  number={1},
  pages={1--6},
  year={2018},
  publisher={ACS Publications}
}
@article{zhao2014lipidomics,
  title={Lipidomics applications for discovering biomarkers of diseases in clinical chemistry},
  author={Zhao, Ying-Yong and Cheng, Xian-long and Lin, Rui-Chao},
  journal={International review of cell and molecular biology},
  volume={313},
  pages={1--26},
  year={2014},
  publisher={Elsevier}
}
@book{NeuronalNet2014,
    Edition = {2{nd}},
    title = {Neuronal Network Design},
    isbn = {9780971732117},
    publisher = {Martin Hagan},
    author = {Hagan, M.T. and Demuth, H.B. and Beale, M.H. and De Jes{\'u}s, O.},
    url={https://hagan.okstate.edu/NNDesign.pdf},
    year = {2014}
}
@article{rosenblatt1958perceptron,
  title={The perceptron: a probabilistic model for information storage and organization in the brain.},
  author={Rosenblatt, Frank},
  journal={Psychological review},
  volume={65},
  number={6},
  pages={386},
  year={1958},
  publisher={American Psychological Association}
}
@article{rouhiainen2018inteligencia,
  title={Inteligencia artificial},
  author={Rouhiainen, Lasse},
  journal={Madrid: Alienta Editorial},
  pages={20--21},
  year={2018}
}
@article{mitchell1997does,
  title={Does machine learning really work?},
  author={Mitchell, Tom M},
  journal={AI magazine},
  volume={18},
  number={3},
  pages={11--11},
  year={1997}
}
@article{schmidhuber2015deep,
  title={Deep learning in neural networks: An overview},
  author={Schmidhuber, J{\"u}rgen},
  journal={Neural networks},
  volume={61},
  pages={85--117},
  year={2015},
  publisher={Elsevier}
}
@incollection{vieira2020main,
  title={Main concepts in machine learning},
  author={Vieira, Sandra and Pinaya, Walter Hugo Lopez and Mechelli, Andrea},
  booktitle={Machine learning},
  pages={21--44},
  year={2020},
  publisher={Elsevier}
}
@inproceedings{shinde2018review,
  title={A review of machine learning and deep learning applications},
  author={Shinde, Pramila P and Shah, Seema},
  booktitle={2018 Fourth international conference on computing communication control and automation (ICCUBEA)},
  pages={1--6},
  year={2018},
  organization={IEEE}
}
@article{lecun1989backpropagation,
  title={Backpropagation applied to handwritten zip code recognition},
  author={LeCun, Yann and Boser, Bernhard and Denker, John S and Henderson, Donnie and Howard, Richard E and Hubbard, Wayne and Jackel, Lawrence D},
  journal={Neural computation},
  volume={1},
  number={4},
  pages={541--551},
  year={1989},
  publisher={MIT Press}
}
@article{geron2020aprende,
  title={Aprende machine learning con scikit-learn, keras y tensorflow},
  author={G{\'e}ron, Aur{\'e}lien},
  journal={Espa{\~n}a: Anaya},
  year={2020}
}
@article{cuperus2017deep,
  title={Deep learning of the regulatory grammar of yeast 5 untranslated regions from 500,000 random sequences},
  author={Cuperus, Josh T and Groves, Benjamin and Kuchina, Anna and Rosenberg, Alexander B and Jojic, Nebojsa and Fields, Stanley and Seelig, Georg},
  journal={Genome research},
  volume={27},
  number={12},
  pages={2015--2024},
  year={2017},
  publisher={Cold Spring Harbor Lab}
}
@article{krassowski2020state,
  title={State of the field in multi-omics research: from computational needs to data mining and sharing},
  author={Krassowski, Michal and Das, Vivek and Sahu, Sangram K and Misra, Biswapriya B},
  journal={Frontiers in Genetics},
  volume={11},
  pages={610798},
  year={2020},
  publisher={Frontiers}
}
@article{kim2018data,
  title={Data integration and predictive modeling methods for multi-omics datasets},
  author={Kim, Minseung and Tagkopoulos, Ilias},
  journal={Molecular omics},
  volume={14},
  number={1},
  pages={8--25},
  year={2018},
  publisher={Royal Society of Chemistry}
}
@article{yu2019architectures,
  title={Architectures and accuracy of artificial neural network for disease classification from omics data},
  author={Yu, Hui and Samuels, David C and Zhao, Ying-yong and Guo, Yan},
  journal={BMC genomics},
  volume={20},
  pages={1--12},
  year={2019},
  publisher={Springer}
}
@article{withnell2021xomivae,
  title={XOmiVAE: an interpretable deep learning model for cancer classification using high-dimensional omics data},
  author={Withnell, Eloise and Zhang, Xiaoyu and Sun, Kai and Guo, Yike},
  journal={Briefings in bioinformatics},
  volume={22},
  number={6},
  pages={bbab315},
  year={2021},
  publisher={Oxford University Press}
}
@article{franco2021performance,
  title={Performance comparison of deep learning autoencoders for cancer subtype detection using multi-omics data},
  author={Franco, Edian F and Rana, Pratip and Cruz, Aline and Calderon, Victor V and Azevedo, Vasco and Ramos, Rommel TJ and Ghosh, Preetam},
  journal={Cancers},
  volume={13},
  number={9},
  pages={2013},
  year={2021},
  publisher={MDPI}
}
@article{poirion2021deepprog,
  title={DeepProg: an ensemble of deep-learning and machine-learning models for prognosis prediction using multi-omics data},
  author={Poirion, Olivier B and Jing, Zheng and Chaudhary, Kumardeep and Huang, Sijia and Garmire, Lana X},
  journal={Genome medicine},
  volume={13},
  pages={1--15},
  year={2021},
  publisher={Springer}
}
@article{albaradei2021machine,
  title={Machine learning and deep learning methods that use omics data for metastasis prediction},
  author={Albaradei, Somayah and Thafar, Maha and Alsaedi, Asim and Van Neste, Christophe and Gojobori, Takashi and Essack, Magbubah and Gao, Xin},
  journal={Computational and structural biotechnology journal},
  volume={19},
  pages={5008--5018},
  year={2021},
  publisher={Elsevier}
}
@article{chai2021integrating,
  title={Integrating multi-omics data through deep learning for accurate cancer prognosis prediction},
  author={Chai, Hua and Zhou, Xiang and Zhang, Zhongyue and Rao, Jiahua and Zhao, Huiying and Yang, Yuedong},
  journal={Computers in biology and medicine},
  volume={134},
  pages={104481},
  year={2021},
  publisher={Elsevier}
}
@article{leng2022benchmark,
  title={A benchmark study of deep learning-based multi-omics data fusion methods for cancer},
  author={Leng, Dongjin and Zheng, Linyi and Wen, Yuqi and Zhang, Yunhao and Wu, Lianlian and Wang, Jing and Wang, Meihong and Zhang, Zhongnan and He, Song and Bo, Xiaochen},
  journal={Genome biology},
  volume={23},
  number={1},
  pages={171},
  year={2022},
  publisher={Springer}
}
@article{huang2023deep,
  title={Deep learning methods for omics data imputation},
  author={Huang, Lei and Song, Meng and Shen, Hui and Hong, Huixiao and Gong, Ping and Deng, Hong-Wen and Zhang, Chaoyang},
  journal={Biology},
  volume={12},
  number={10},
  pages={1313},
  year={2023},
  publisher={MDPI}
}
@article{chuang2021convolutional,
  title={Convolutional neural network for human cancer types prediction by integrating protein interaction networks and omics data},
  author={Chuang, Yi-Hsuan and Huang, Sing-Han and Hung, Tzu-Mao and Lin, Xiang-Yu and Lee, Jung-Yu and Lai, Wen-Sen and Yang, Jinn-Moon},
  journal={Scientific reports},
  volume={11},
  number={1},
  pages={20691},
  year={2021},
  publisher={Nature Publishing Group UK London}
}
@article{ma2018omicsmapnet,
  title={OmicsMapNet: Transforming omics data to take advantage of Deep Convolutional Neural Network for discovery},
  author={Ma, Shiyong and Zhang, Zhen},
  journal={arXiv preprint arXiv:1804.05283},
  year={2018}
}
@article{talukder2021interpretation,
  title={Interpretation of deep learning in genomics and epigenomics},
  author={Talukder, Amlan and Barham, Clayton and Li, Xiaoman and Hu, Haiyan},
  journal={Briefings in Bioinformatics},
  volume={22},
  number={3},
  pages={bbaa177},
  year={2021},
  publisher={Oxford University Press}
}
@article{eraslan2019deep,
  title={Deep learning: new computational modelling techniques for genomics},
  author={Eraslan, G{\"o}kcen and Avsec, {\v{Z}}iga and Gagneur, Julien and Theis, Fabian J},
  journal={Nature Reviews Genetics},
  volume={20},
  number={7},
  pages={389--403},
  year={2019},
  publisher={Nature Publishing Group UK London}
}
@article{erfanian2023deep,
  title={Deep learning applications in single-cell genomics and transcriptomics data analysis},
  author={Erfanian, Nafiseh and Heydari, A Ali and Feriz, Adib Miraki and Ia{\~n}ez, Pablo and Derakhshani, Afshin and Ghasemigol, Mohammad and Farahpour, Mohsen and Razavi, Seyyed Mohammad and Nasseri, Saeed and Safarpour, Hossein and others},
  journal={Biomedicine \& Pharmacotherapy},
  volume={165},
  pages={115077},
  year={2023},
  publisher={Elsevier}
}
@article{li2022machine,
  title={Machine learning for lung cancer diagnosis, treatment, and prognosis},
  author={Li, Yawei and Wu, Xin and Yang, Ping and Jiang, Guoqian and Luo, Yuan},
  journal={Genomics, Proteomics and Bioinformatics},
  volume={20},
  number={5},
  pages={850--866},
  year={2022},
  publisher={Oxford University Press}
}
@article{gong2023multi,
  title={Multi-omics integration method based on attention deep learning network for biomedical data classification},
  author={Gong, Ping and Cheng, Lei and Zhang, Zhiyuan and Meng, Ao and Li, Enshuo and Chen, Jie and Zhang, Longzhen},
  journal={Computer Methods and Programs in Biomedicine},
  volume={231},
  pages={107377},
  year={2023},
  publisher={Elsevier}
}
@article{li2020deep,
  title={Deep learning on high-throughput transcriptomics to predict drug-induced liver injury},
  author={Li, Ting and Tong, Weida and Roberts, Ruth and Liu, Zhichao and Thakkar, Shraddha},
  journal={Frontiers in bioengineering and biotechnology},
  volume={8},
  pages={562677},
  year={2020},
  publisher={Frontiers Media SA}
}
@article{mathema2023deep,
  title={Deep learning facilitates multi-data type analysis and predictive biomarker discovery in cancer precision medicine},
  author={Mathema, Vivek Bhakta and Sen, Partho and Lamichhane, Santosh and Ore{\v{s}}i{\v{c}}, Matej and Khoomrung, Sakda},
  journal={Computational and Structural Biotechnology Journal},
  volume={21},
  pages={1372--1382},
  year={2023},
  publisher={Elsevier}
}
@article{li2022identification,
  title={Identification by genetic algorithm optimized back propagation artificial neural network and validation of a four-gene signature for diagnosis and prognosis of pancreatic cancer},
  author={Li, Zhenchong and Ma, Zuyi and Zhou, Qi and Wang, Shujie and Yan, Qian and Zhuang, Hongkai and Zhou, Zixuan and Liu, Chunsheng and Wu, Zhongshi and Zhao, Jinglin and others},
  journal={Heliyon},
  volume={8},
  number={11},
  year={2022},
  publisher={Elsevier}
}
@article{tong2020deep,
  title={Deep learning based feature-level integration of multi-omics data for breast cancer patients survival analysis},
  author={Tong, Li and Mitchel, Jonathan and Chatlin, Kevin and Wang, May D},
  journal={BMC medical informatics and decision making},
  volume={20},
  pages={1--12},
  year={2020},
  publisher={Springer}
}
@article{dubey2022activation,
  title={Activation functions in deep learning: A comprehensive survey and benchmark},
  author={Dubey, Shiv Ram and Singh, Satish Kumar and Chaudhuri, Bidyut Baran},
  journal={Neurocomputing},
  volume={503},
  pages={92--108},
  year={2022},
  publisher={Elsevier}
}
@inproceedings{shi2016benchmarking,
  title={Benchmarking state-of-the-art deep learning software tools},
  author={Shi, Shaohuai and Wang, Qiang and Xu, Pengfei and Chu, Xiaowen},
  booktitle={2016 7th International Conference on Cloud Computing and Big Data (CCBD)},
  pages={99--104},
  year={2016},
  organization={IEEE}
}
@article{liu2020application,
  title={Application of deep learning in genomics},
  author={Liu, Jianxiao and Li, Jiying and Wang, Hai and Yan, Jianbing},
  journal={Science China Life Sciences},
  volume={63},
  pages={1860--1878},
  year={2020},
  publisher={Springer}
}
@article{chetlur2014cudnn,
  title={cudnn: Efficient primitives for deep learning},
  author={Chetlur, Sharan and Woolley, Cliff and Vandermersch, Philippe and Cohen, Jonathan and Tran, John and Catanzaro, Bryan and Shelhamer, Evan},
  journal={arXiv preprint arXiv:1410.0759},
  year={2014}
}
@misc{huang2015microsoft,
  title={Microsoft computational network toolkit offers most efficient distributed deep learning computational performance},
  author={Huang, Xuedong},
  year={2015}
}
@article{wang2017detecting,
  title={Detecting cardiovascular disease from mammograms with deep learning},
  author={Wang, Juan and Ding, Huanjun and Bidgoli, Fatemeh Azamian and Zhou, Brian and Iribarren, Carlos and Molloi, Sabee and Baldi, Pierre},
  journal={IEEE transactions on medical imaging},
  volume={36},
  number={5},
  pages={1172--1181},
  year={2017},
  publisher={IEEE}
}
@article{pasha2020cardiovascular,
  title={Cardiovascular disease prediction using deep learning techniques},
  author={Pasha, Syed Nawaz and Ramesh, Dadi and Mohmmad, Sallauddin and Harshavardhan, A and others},
  booktitle={IOP conference series: materials science and engineering},
  volume={981},
  number={2},
  pages={022006},
  year={2020},
  organization={IOP Publishing}
}
@article{munir2019cancer,
  title={Cancer diagnosis using deep learning: a bibliographic review},
  author={Munir, Khushboo and Elahi, Hassan and Ayub, Afsheen and Frezza, Fabrizio and Rizzi, Antonello},
  journal={Cancers},
  volume={11},
  number={9},
  pages={1235},
  year={2019},
  publisher={MDPI}
}
@article{erdacs2021neurodegenerative,
  title={Neurodegenerative disease detection and severity prediction using deep learning approaches},
  author={Erda{\c{s}}, {\c{C}}a{\u{g}}atay Berke and S{\"u}mer, Emre and Kibaro{\u{g}}lu, Seda},
  journal={Biomedical Signal Processing and Control},
  volume={70},
  pages={103069},
  year={2021},
  publisher={Elsevier}
}
@article{chae2018predicting,
  title={Predicting infectious disease using deep learning and big data},
  author={Chae, Sangwon and Kwon, Sungjun and Lee, Donghyun},
  journal={International journal of environmental research and public health},
  volume={15},
  number={8},
  pages={1596},
  year={2018},
  publisher={MDPI}
}